@article{barlaud2019,
  title={Robust supervised classification and feature selection using a primal-dual method},
  author={Barlaud, Michel and Chambolle, Antonin and Caillau, Jean-Baptiste},
  journal={arXiv preprint arXiv:1902.01600},
  year={2019}
}

@Article{BBCF17,
   title={Classification and regression using an outer approximation projection-gradient method},
   author={Barlaud, M. and Belhajali, W. and Combettes, P. L. and Fillatre, L.},
   journal={IEEE Transactions on Signal Processing },
   volume={65},
   number={17},
   pages={4635--4644},
   year={2017},
}

@article {Chamb16,
     AUTHOR = {Chambolle, Antonin and Pock, Thomas},
      TITLE = {On the ergodic convergence rates of a first-order primal-dual algorithm},
    JOURNAL = {Math. Program.},
   FJOURNAL = {Mathematical Programming},
     VOLUME = {159},
       YEAR = {2016},
     NUMBER = {1-2, Ser. A},
      PAGES = {253--287},
       ISSN = {0025-5610},
    MRCLASS = {49M29 (65K10 65Y20 90C25)},
   MRNUMBER = {3535925}}

@article{Moreau,
  author = {Moreau, J.J},
  title = {Proximit\'{e} et dualit\'{e} dans un espace Hilbertien},
  journal = {Bull. Soc.Math. France., 93},
   pages={273--299},
  year = {1965},
}

@ARTICLE{Sparse,
     author = {Hastie,T. and Tibshirani,R. and Wainwright,M.},
     title = {Statistcal Learning with Sparsity: The LASSO and Generalizations},
     journal = {CRC Press},
     year = {2015},
}


@article{li2018FS,
  title={Feature selection: A data perspective},
  author={Li, Jundong and Cheng, Kewei and Wang, Suhang and Morstatter, Fred and Trevino, Robert P and Tang, Jiliang and Liu, Huan},
  journal={ACM Computing Surveys (CSUR)},
  volume={50},
  number={6},
  pages={94},
  year={2018},
  publisher={ACM}
  }



@inproceedings{aggarwal2005k,
  title={On k-anonymity and the curse of dimensionality},
  author={Aggarwal, Charu C},
  booktitle={Proceedings of the 31st international conference on Very large data bases},
  pages={901--909},
  year={2005},
  organization={VLDB Endowment}
}

%@online{one-hot,
%    author = "Wikipedia",
%    title = "One-hot",
%    url  = "https://en.wikipedia.org/wiki/One-hot",
%}

@article{barlaud2017classification,
  title={Classification and regression using an outer approximation projection-gradient method},
  author={Barlaud, Michel and Belhajali, Wafa and Combettes, Patrick L and Fillatre, Lionel},
  journal={IEEE Transactions on Signal Processing},
  volume={65},
  number={17},
  pages={4635--4644},
  year={2017},
  publisher={IEEE}
}

@article{beck2009fast,
  title={A fast iterative shrinkage-thresholding algorithm for linear inverse problems},
  author={Beck, Amir and Teboulle, Marc},
  journal={SIAM journal on imaging sciences},
  volume={2},
  number={1},
  pages={183--202},
  year={2009},
  publisher={SIAM}
}

@article{chambolle2011first,
  title={A first-order primal-dual algorithm for convex problems with applications to imaging},
  author={Chambolle, Antonin and Pock, Thomas},
  journal={Journal of mathematical imaging and vision},
  volume={40},
  number={1},
  pages={120--145},
  year={2011},
  publisher={Springer}
}

@article{condat2016fast,
  title={Fast projection onto the simplex and the $l1$ ball},
  author={Condat, Laurent},
  journal={Mathematical Programming},
  volume={158},
  number={1-2},
  pages={575--585},
  year={2016},
  publisher={Springer}
}

@article{tibshirani1996regression,
  title={Regression shrinkage and selection via the lasso},
  author={Tibshirani, Robert},
  journal={Journal of the Royal Statistical Society: Series B (Methodological)},
  volume={58},
  number={1},
  pages={267--288},
  year={1996},
  publisher={Wiley Online Library}
}

@article{B:2003:SDE,
  author    = {
B. Øksendal},
  title     = {Stochastic differential equations},
  journal   = {Springer, Berlin, Heidelberg},
  year      = {2003},
}

@phdthesis{Arno:2016:phdthesis,
  author =	 {A. Solin},
  title =	 {Stochastic differential equation methods for spatio-temporal Gaussian process regression},
  year =	 {2016},
  school    = {Department of Computer Science and Engineering, Aalto University School of Science and Technology, Espoo, Finland},
  note =     {\url{https://aaltodoc.aalto.fi/handle/123456789/19842 (in English)},
}}

@article{sarkka:2010:kalmanfilter,
  author    = {J. Hartikainen, S. Särkkä },
  title     = {Kalman filtering and smoothing solutions to temporal Gaussian process regression models},
  journal   = {IEEE international workshop on machine learning for signal processing},
  year      = {2010},
}

@article{kalman:1960:kalmanfilter,
  author    = {R. E. Kalman },
  title     = {A new approach to linear filtering and prediction problems},
  year      = {1960},
}